%% This BibTeX bibliography file was created using BibDesk.
%% http://bibdesk.sourceforge.net/


%% Created for Christopher Watkins at 2013-12-11 09:03:47 +1100 


%% Saved with string encoding Unicode (UTF-8) 



@book{foot:2005,
	Author = {{C}. {J}. {F}oot},
	Date-Added = {2013-12-10 22:02:08 +0000},
	Date-Modified = {2013-12-10 22:03:47 +0000},
	Keywords = {atomic, physics},
	Publisher = {Oxford; New York: Oxford University Press},
	Title = {{A}tomic {P}hysics},
	Year = {2005}}

@book{bentley:1999,
	Address = {Boston, MA, USA},
	Author = {Jon Bentley},
	Edition = {2nd},
	Publisher = {Addison--Wesley},
	Title = {{P}rogramming {P}earls},
	Year = {1999}}

@book{bringhurst:2002,
	Address = {Point Roberts, WA, USA},
	Author = {Robert Bringhurst},
	Publisher = {Hartley \& Marks Publishers},
	Series = {Version 3.2},
	Title = {{T}he {E}lements of {T}ypographic {S}tyle},
	Year = {2008}}

@book{cormen:2001,
	Address = {Cambridge, MA, USA},
	Author = {Cormen, Thomas H. and Leiserson, Charles E. and Rivest, Ronald L. and Clifford Stein},
	Edition = {2nd},
	Publisher = {The MIT Press},
	Title = {{I}ntroduction to {A}lgorithms},
	Year = {2001}}

@book{dueck:trio,
	Author = {Gunter Dueck},
	Note = {\url{http://www.omnisophie.com}},
	Publisher = {Springer, Berlin},
	Title = {{D}ueck's {T}rilogie: {O}mnisophie -- {S}upramanie -- {T}opothesie},
	Year = {2005}}

@article{knuth:1976,
	Address = {New York, NY, USA},
	Author = {Knuth, Donald E.},
	Journal = {SIGACT News},
	Month = {April/June},
	Number = {2},
	Pages = {18--24},
	Publisher = {ACM Press},
	Title = {{B}ig {O}micron and {B}ig {O}mega and {B}ig {T}heta},
	Volume = {8},
	Year = {1976}}

@article{knuth:1974,
	Address = {New York, NY, USA},
	Author = {Knuth, Donald E.},
	Journal = {Communications of the ACM},
	Month = {December},
	Number = {12},
	Pages = {667--673},
	Publisher = {ACM Press},
	Title = {{C}omputer {P}rogramming as an {A}rt},
	Volume = {17},
	Year = {1974}}

@book{sommerville:1992,
	Address = {Boston, MA, USA},
	Author = {Ian Sommerville},
	Edition = {4th},
	Publisher = {Addison-Wesley},
	Title = {{S}oftware {E}ngineering},
	Year = {1992}}
